
@inproceedings{Brixtel-2015,
  author    = {Romain Brixtel},
  title     = {Maximal Repeats Enhance Substring-based Authorship Attribution},
  booktitle = {Recent Advances in Natural Language Processing, {RANLP} 2015, 7-9
               September, 2015, Hissar, Bulgaria},
  pages     = {63--71},
  year      = {2015},
}
@article{Ukkonen-2009,
  author = "Ukkonen, Esko",
  journal = "Theoretical Computer Science",
  number = "43",
  pages = "4341--4349",
  title = "{Maximal and minimal representations of gapped and non-gapped motifs of a string}",
  volume = "410",
  year = "2009"
}
